@unpublished{almaatouqEmpiricaVirtualLab2020,
  ids = {almaatouqEmpiricaVirtualLab2021},
  title = {Empirica: A Virtual Lab for High-Throughput Macro-Level Experiments},
  author = {Almaatouq, Abdullah and Becker, Joshua and Houghton, James P. and Paton, Nicolas and Watts, Duncan J. and Whiting, Mark E.},
  date = {2020-12-30},
  shortjournal = {ArXiv200611398 Cs},
}
@article{brennan1996conceptual,
  title={Conceptual pacts and lexical choice in conversation.},
  author={Brennan, Susan E and Clark, Herbert H},
  journal={Journal of experimental psychology: Learning, memory, and cognition},
  volume={22},
  number={6},
  pages={1482},
  year={1996},
  publisher={American Psychological Association}
}

@article{leung2020parents,
  title={Parents scaffold the formation of conversational pacts with their children},
  author={Leung, Ashley and Hawkins, Robert and Yurovsky, Daniel},
  year={2020},
  journaltitle={CogSci}
}
@article{metzing2003conceptual,
  title={When conceptual pacts are broken: Partner-specific effects on the comprehension of referring expressions},
  author={Metzing, Charles and Brennan, Susan E},
  journal={Journal of Memory and Language},
  volume={49},
  number={2},
  pages={201--213},
  year={2003},
  publisher={Elsevier}
}
@article{krauss1964changes,
  title={Changes in reference phrases as a function of frequency of usage in social interaction: A preliminary study.},
  author={Krauss, Robert M and Weinheimer, Sidney},
  journal={Psychonomic Science},
  year={1964},
  publisher={Psychonomic Society}
}
@Misc{rstan,
    title = {{RStan}: the {R} interface to {Stan}},
    author = {{Stan Development Team}},
    note = {R package version 2.21.8},
    year = {2023},
}
  
@article{boyce2022,
  title = {Two's Company but Six Is a Crowd: Emergence of Conventions in Multiparty Communication Games},
  author = {Boyce, Veronica and Hawkins, Robert and Goodman, Noah and Frank, Michael},
  journaltitle={CogSci},
  volume={44},
  date = {2022},
}

@article{clarkReferringCollaborativeProcess1986,
  title = {Referring as a Collaborative Process},
  author = {Clark, Herbert H and Wilkes-Gibbs, Deanna},
  date = {1986},
  shortjournal = {Cognition},
}

@article{goodmanPragmaticLanguageInterpretation2016,
  ids = {goodmanPragmaticLanguageInterpretation2016a},
  title = {Pragmatic {{Language Interpretation}} as {{Probabilistic Inference}}},
  author = {Goodman, Noah D. and Frank, Michael C.},
  date = {2016-11},
  journaltitle = {Trends in Cognitive Sciences},
  shortjournal = {Trends in Cognitive Sciences},
  volume = {20},
  number = {11},
}

@article{guilbeault2021,
  title = {Experimental Evidence for Scale-Induced Category Convergence across Populations},
  author = {Guilbeault, Douglas and Baronchelli, Andrea and Centola, Damon},
  date = {2021-01-12},
  journaltitle = {Nature Communications},
  shortjournal = {Nat Commun},
  volume = {12},
  number = {1},
  pages = {327},
  publisher = {{Nature Publishing Group}},
 }

@article{keysar2000taking,
  title={Taking perspective in conversation: The role of mutual knowledge in comprehension},
  author={Keysar, Boaz and Barr, Dale J and Balin, Jennifer A and Brauner, Jason S},
  journal={Psychological Science},
  volume={11},
  number={1},
  pages={32--38},
  year={2000},
  publisher={SAGE Publications Sage CA: Los Angeles, CA}
}

@article{heller2008role,
  title={The role of perspective in identifying domains of reference},
  author={Heller, Daphna and Grodner, Daniel and Tanenhaus, Michael K},
  journal={Cognition},
  volume={108},
  number={3},
  pages={831--836},
  year={2008},
  publisher={Elsevier}
}
@article{hawkins2020,
  title={Characterizing the dynamics of learning in repeated reference games},
  author={Hawkins, Robert D and Frank, Michael C and Goodman, Noah D},
  journal={Cognitive science},
  volume={44},
  number={6},
  pages={e12845},
  year={2020},
  publisher={Wiley Online Library}
}

@article{mankewitz2021,
  title = {Multi-Party Referential Communication in Complex Strategic Games},
  author = {Mankewitz, Jessica and Boyce, Veronica and Waldon, Brandon and Loukatou, Georgia and Yu, Dhara and Mu, Jesse and Goodman, Noah D. and Frank, Michael C.},
  year={2021},
  journaltitle={ICLR 2021 Meaning in Context Workshop}

}

@unpublished{reimers2019,
  title = {Sentence-{{BERT}}: {{Sentence Embeddings}} Using {{Siamese BERT-Networks}}},
  shorttitle = {Sentence-{{BERT}}},
  author = {Reimers, Nils and Gurevych, Iryna},
  date = {2019-08-27},
  publisher = {{arXiv}},
}

@article{weber2003,
  title = {Cultural {{Conﬂict}} and {{Merger Failure}}: {{An Experimental Approach}}},
  author = {Weber, Roberto A and Camerer, Colin F},
  date = {2003},
  journaltitle = {Management Science},
  shortjournal = {Manag. Sci.},
  volume = {49},
  number = {4},
  pages = {16},
  }

@article{yoonAudienceDesignMultiparty2019,
  title = {Audience {{Design}} in {{Multiparty Conversation}}},
  author = {Yoon, Si On and Brown‐Schmidt, Sarah},
  date = {2019},
  journaltitle = {Cognitive Science},
  shortjournal = {Cogn. Sci.},
  volume = {43},
  number = {8},
}
